@book{mora_borbón_2010, 
	edition={2da}, 
	title={Edicion de Textos Cientificos Latex. Composición, Diseño Editorial, Gráficos, Inkscape, Tikz y Presentaciones Beamer}, 
	url={https://cristiancastrop.files.wordpress.com/2013/04/latex_febrero_2012_composicion_disenoeditorial_graficos_inkscape_tikz_beamer.pdf}, 
	journal={Miscelaneas Blog's}, 
	publisher={Escuela de Matemática,Instituto Tecnológico de Costa Rica}, 
	author={Mora, Walter and Borbón, Alexánder}, 
	year={2010}
} 
@book{xie_allaire_grolemund_2019, 
	title={R markdown: The definitive guide}, 
	url={https://bookdown.org/yihui/rmarkdown/}, 
	journal={R Markdown: The Definitive Guide}, 
	publisher={CRC press}, 
	author={Xie, Yihui and Allaire, J. J. and Grolemund, Garrett}, 
	year={2019}
} 
@misc{albert_2022, 
	title={Comparing Home Run Rates for Two Seasons}, 
	url={https://baseballwithr.wordpress.com/}, 
	journal={Exploring Baseball Data with R}, 
	author={Albert, Jim}, 
	year={2022}, 
	month={Apr}
} 
@misc{barrendero_2016, 
	title={Regresión lineal simple con R}, 
	publisher={RPubs}, 
	author={Barrendero, Jose}, 
	year={2016}
} 
@misc{bentley, 
	url={http://facweb1.redlands.edu/fac/jim_bentley/Downloads/R/TSUBUsingR.html}, 
	journal={R Code for Teaching Statistics Using Baseball}, 
	author={Bentley, J.}
} 
@misc{colbycommunity_2010, 
	title={Baseball analytics with R – the science of baseball}, 
	url={https://web.colby.edu/baseball/baseball-analytics-with-r/}, 
	journal={The Science of Baseball A Colby Community Web Site},
	publisher={Colby Community}, 
	author={Colby Community}, 
	year={2010}
} 
@misc{rcoder_2020, 
	title={R coder la mejor forma de empezar a Aprender Programación en r}, 
	url={https://r-coder.com/inicio/}, 
	publisher={R CODER}, 
	year={2020}, 
	month={Nov}
} 
@misc{rodrigo_2016, 
	title={Correlación lineal y Regresión lineal simple}, 
	publisher={RPubs}, 
	author={Rodrigo, Joaquin Amat}, 
	year={2016}, 
	month={Jun},
	url={https://www.cienciadedatos.net/documentos/24_correlacion_y_regresion_lineal#Informaci%C3%B3n_sesi%C3%B3n}
}
@misc{santo_2019, 
	title={Baseball and R Markdown Introduction}, 
	url={https://rstudio-pubs-static.s3.amazonaws.com/458464_993172e6aa3742e088eb86cc1b818eec.html#4_references}, 
	journal={Rpubs}, 
	publisher={Rpubs}, 
	author={Santo, Shawn}, 
	year={2019}, 
	month={Jan}
} 
@misc{tibau_2017, 
	title={Exploratory data analysis and baseball}, 
	url={https://rpubs.com/marcelo_tibau/exploratory-and-baseball}, 
	journal={RPubs}, 
	publisher={RPubs}, 
	author={Tibau, Marcelo}, 
	year={2017}, 
	month={Jan}
} 
@phdthesis{esteva_2019, 
	place={España}, 
	title={Análisis y predicción del rendimiento ofensivo de debutantes en las grandes ligas de beisbol.}, 
	url={http://openaccess.uoc.edu/webapps/o2/bitstream/10609/98686/6/abenavideseTFM0619memoria.pdf}, 
	author={Esteva, Armando  Benavides}, 
	year={2019}
} 
@article{RJ-2021-081,
	author = {Andrés Ramírez–Hassan and Mateo Graciano-Londoño},
	title = {{A GUIded tour of Bayesian regression}},
	year = {2021},
	journal = {{The R Journal}},
	doi = {10.32614/RJ-2021-081},
	url = {https://doi.org/10.32614/RJ-2021-081},
	pages = {135--152},
	volume = {13},
	number = {2}
} 
@article{RJ-2021-092,
	author = {Tianhai Zu and Yan Yu},
	title = {{SIQR: An R Package for Single-index Quantile Regression}},
	year = {2021},
	journal = {{The R Journal}},
	doi = {10.32614/RJ-2021-092},
	url = {https://doi.org/10.32614/RJ-2021-092},
	pages = {460--470},
	volume = {13},
	number = {2}
} 
@article{RJ-2021-099,
	author = {Darío Ramos-López and Ana D. Maldonado},
	title = {{Analysis of Corneal Data in R with the rPACI Package}},
	year = {2021},
	journal = {{The R Journal}},
	doi = {10.32614/RJ-2021-099},
	url = {https://doi.org/10.32614/RJ-2021-099},
	pages = {321--335},
	volume = {13},
	number = {2}
} 
@article{RJ-2021-099,
	author = {Darío Ramos-López and Ana D. Maldonado},
	title = {{Analysis of Corneal Data in R with the rPACI Package}},
	year = {2021},
	journal = {{The R Journal}},
	doi = {10.32614/RJ-2021-099},
	url = {https://doi.org/10.32614/RJ-2021-099},
	pages = {321--335},
	volume = {13},
	number = {2}
} 

@book{heumann2017introduction,
  title={Introduction to Statistics and Data Analysis: With Exercises, Solutions and Applications in R},
  author={Heumann, C. and Schomaker, M.},
  isbn={9783319461625},
  url={https://www.google.com/url?sa=t&source=web&rct=j&url=https://www.filepicker.io/api/file/TgilBNiCSk26axWSRDVA&ved=2ahUKEwiHr4z-lun2AhXFTDABHafBB24QFnoECBMQAQ&usg=AOvVaw3BrPvJxckh0b3geLuJEoCJ},
  year={2017},
  publisher={Springer International Publishing}
}